@inproceedings{1990Gabow,
author = {Gabow, Harold N.},
title = {Data Structures for Weighted Matching and Nearest Common Ancestors with Linking},
year = {1990},
isbn = {0898712513},
publisher = {Society for Industrial and Applied Mathematics},
address = {USA},
booktitle = {Proceedings of the First Annual ACM-SIAM Symposium on Discrete Algorithms},
pages = {434â€“443},
numpages = {10},
location = {San Francisco, California, USA},
series = {SODA '90}
}